@article{01_paper,
 ISSN = {00264423, 14602113},
 note = {Retrieved from \url{http://www.jstor.org/stable/2251299}},
 author = {A. M. Turing},
 journal = {Mind},
 number = {236},
 pages = {433--460},
 publisher = {[Oxford University Press, Mind Association]},
 title = {Computing Machinery and Intelligence},
 volume = {59},
 year = {1950}
}
